<?xml version="1.0" encoding="UTF-8"?><collection xmlns="http://www.loc.gov/MARC21/slim"><record><leader>00573nam--2200181-i-4500</leader><controlfield tag="001">000037261</controlfield><controlfield tag="002">20161230</controlfield><controlfield tag="005">20161230201041</controlfield><controlfield tag="008">060222s1000------------r-----000-0-eng-d</controlfield><datafield ind1=" " ind2=" " tag="040"><subfield code="a">IFIN-HH</subfield></datafield><datafield ind1=" " ind2=" " tag="080"><subfield code="a">532.135</subfield></datafield><datafield ind1=" " ind2=" " tag="100"><subfield code="a">Nowacki, W.K</subfield></datafield><datafield ind1="1" ind2="0" tag="245"><subfield code="a">Problemes de rheologie et de mecanique des sols. symposium franco-polonais nice 1974</subfield><subfield code="c">W.K. Nowacki (Redacter en Chef)</subfield></datafield><datafield ind1=" " ind2=" " tag="260"><subfield code="a">Varsovie, Inst.De Recherches Fondamentales De La Technique, 1977,</subfield></datafield><datafield ind1=" " ind2=" " tag="300"><subfield code="a">513P</subfield></datafield><datafield ind1=" " ind2=" " tag="490"><subfield code="a">Serie De Mecanique Appliquee</subfield></datafield><datafield ind1=" " ind2=" " tag="852"><subfield code="a">46041</subfield><subfield code="c">532</subfield></datafield><datafield ind1=" " ind2=" " tag="CAT"><subfield code="a">Sys</subfield><subfield code="c">20100721</subfield><subfield code="h">132818</subfield></datafield></record></collection>